%%% TURING %%%

@book{murray,
  title={Mathematical Biology II},
  author={Murray, J. D.},
  year={2003},
  edition = {3},
  series = {Interdisciplinary Applied Mathematics},
  publisher={Springer New York, NY},
  doi = {10.1007/b98869},
  keywords = {turing}
}

@book{altbook,
  title={The Dynamics of Biological Systems},
  author={Arianna Bianchi},
  year={2019},
  series = {Mathematics of Planet Earth},
  publisher={Springer Cham},
  doi = {10.1007/978-3-030-22583-4},
  keywords = {turing}
}

@article{main_network,
  title={Turing patterns in network-organized activatorâ€“inhibitor systems},
  author={Nakao H., Mikhailov A.},
  journal={Nature Phys},
  year={2010},
  doi={10.1038/nphys1651},
  keywords = {turing}
}

@article{bio_article,
  title={Reaction-Diffusion Model as a Framework for Understanding Biological Pattern Formation},
  author={Shigeru Kondo, Takashi Miura},
  journal={Science},
  year={2010},
  doi={10.1126/science.1179047},
  keywords = {turing}
}
@misc{git,
	author = {Miriam Zara},
	title = {ComplexNet\_Project},
	howpublished = {\url{https://github.com/miriamzara/ComplexNet_project}},
    keywords = {turing}
}

%%% VOTER %%%

@article{suchecki_numerical,
  title={Voter model dynamics in complex networks: Role of dimensionality, disorder,
and degree distribution},
  author={Suchecki, K. et al},
  journal={Physical Review},
  year={2005},
  doi={10.1103/PhysRevE.72.036132},
  keywords = {voter}
}
@article{suchecki_analitical,
  title={Conservation laws for the voter model in complex networks},
  author={Suchecki, K. },
  journal={EPL},
  year={2005},
  keywords = {voter}
}
@article{sood,
    author = {Sood, V. and Redner, S.},
    title = {Voter Model on Heterogeneous Graphs},
    journal = {Physical Review Letters},
    year = {2005},
    doi = {10.1103/PhysRevLett.94.178701}
}

@book{crit_fen_review,
    author = {Dorogovtsev, S. N. and Goltsev, A. V.},
    title = {Critical pheonomena in complex networks},
    publisher = {Rewiews of Modern Physics},
    year = {2008}
}